@misc{kaggle,
  title = {IEEE BigData Cup 2021 Compeition Overview},
  howpublished = {\url{https://www.kaggle.com/c/bigdata2021-rl-recsys/overview/description}},
  note = {Accessed: 2021-09-10}
}

@inproceedings{adam,
  author={Diederik P. Kingma and Jimmy Ba},
  title={Adam: A Method for Stochastic Optimization},
  year={2015},
  booktitle={Proceedings of the International Conference for Learning Representations (ICLR)},
}

@article{pytorch,
  title={Pytorch: An imperative style, high-performance deep learning library},
  author={Paszke, Adam and Gross, Sam and Massa, Francisco and Lerer, Adam and Bradbury, James and Chanan, Gregory and Killeen, Trevor and Lin, Zeming and Gimelshein, Natalia and Antiga, Luca and others},
  journal={Advances in neural information processing systems (NeurIPS)},
  volume={32},
  pages={8026--8037},
  year={2019}
}

@article{transformer,
  title={Attention is all you need},
  author={Vaswani, Ashish and Shazeer, Noam and Parmar, Niki and Uszkoreit, Jakob and Jones, Llion and Gomez, Aidan N and Kaiser, {\L}ukasz and Polosukhin, Illia},
  journal={Advances in neural information processing systems (NeurIPS)},
  pages={5998--6008},
  year={2017}
}

@inproceedings{din,
  title={Deep interest network for click-through rate prediction},
  author={Zhou, Guorui and Zhu, Xiaoqiang and Song, Chenru and Fan, Ying and Zhu, Han and Ma, Xiao and Yan, Yanghui and Jin, Junqi and Li, Han and Gai, Kun},
  booktitle={Proceedings of the 24th ACM SIGKDD International Conference on Knowledge Discovery \& Data Mining (KDD)},
  pages={1059--1068},
  year={2018}
}

@inproceedings{ncf,
  title={Neural collaborative filtering},
  author={He, Xiangnan and Liao, Lizi and Zhang, Hanwang and Nie, Liqiang and Hu, Xia and Chua, Tat-Seng},
  booktitle={Proceedings of the International Conference on World Wide Web (WWW)},
  pages={173--182},
  year={2017}
}